<record><leader>00000cas a22000007a 4500</leader><controlfield tag="001">28299682</controlfield><controlfield tag="008">930618d19261929nmucr ne      0    0eng d</controlfield><datafield ind1=" " ind2=" " tag="010"><subfield code="a">sn 93061664 </subfield></datafield><datafield ind1=" " ind2=" " tag="040"><subfield code="a">NVM</subfield><subfield code="b">eng</subfield><subfield code="c">NVM</subfield><subfield code="d">OCLCQ</subfield><subfield code="d">DLC</subfield><subfield code="d">OCLCF</subfield></datafield><datafield ind1="1" ind2=" " tag="029"><subfield code="a">AU@</subfield><subfield code="b">000025869899</subfield></datafield><datafield ind1=" " ind2=" " tag="042"><subfield code="a">msc</subfield></datafield><datafield ind1=" " ind2=" " tag="043"><subfield code="a">n-us-nm</subfield></datafield><datafield ind1="0" ind2=" " tag="130"><subfield code="a">Carlsbad current-argus (Carlsbad, N.M. : 1926)</subfield></datafield><datafield ind1="1" ind2="0" tag="245"><subfield code="a">Carlsbad current-argus.</subfield></datafield><datafield ind1=" " ind2=" " tag="260"><subfield code="a">Carlsbad, N.M. :</subfield><subfield code="b">A.W. Anderson</subfield></datafield><datafield ind1=" " ind2=" " tag="300"><subfield code="a">v.</subfield></datafield><datafield ind1=" " ind2=" " tag="310"><subfield code="a">Semiweekly</subfield></datafield><datafield ind1="1" ind2=" " tag="362"><subfield code="a">Began Nov. 9, 1926.</subfield></datafield><datafield ind1="0" ind2=" " tag="362"><subfield code="a">-v. 40, no. 49 (Apr. 30, 1929).</subfield></datafield><datafield ind1=" " ind2=" " tag="530"><subfield code="a">Also on microfilm: El Paso, Tex. : Southwest Micropublishing, Inc.</subfield></datafield><datafield ind1=" " ind2=" " tag="588"><subfield code="a">Description based on: Vol. 38, no. 8 (Dec. 3, 1926).</subfield></datafield><datafield ind1=" " ind2="0" tag="651"><subfield code="a">Carlsbad (N.M.)</subfield><subfield code="v">Newspapers.</subfield></datafield><datafield ind1=" " ind2="0" tag="651"><subfield code="a">Eddy County (N.M.)</subfield><subfield code="v">Newspapers.</subfield></datafield><datafield ind1=" " ind2="7" tag="655"><subfield code="a">Newspapers.</subfield><subfield code="2">fast</subfield><subfield code="0">(OCoLC)fst01423814</subfield></datafield><datafield ind1=" " ind2="7" tag="651"><subfield code="a">New Mexico</subfield><subfield code="z">Carlsbad.</subfield><subfield code="2">fast</subfield><subfield code="0">(OCoLC)fst01205134</subfield></datafield><datafield ind1=" " ind2="7" tag="651"><subfield code="a">New Mexico</subfield><subfield code="z">Eddy County.</subfield><subfield code="2">fast</subfield><subfield code="0">(OCoLC)fst01211334</subfield></datafield><datafield ind1=" " ind2=" " tag="752"><subfield code="a">United States</subfield><subfield code="b">New Mexico</subfield><subfield code="c">Eddy</subfield><subfield code="d">Carlsbad.</subfield></datafield><datafield ind1="0" ind2="4" tag="780"><subfield code="t">Carlsbad current</subfield><subfield code="x">2330-3557</subfield><subfield code="w">(DLC)sn 93061428</subfield><subfield code="w">(OCoLC)28371282</subfield></datafield><datafield ind1="0" ind2="4" tag="780"><subfield code="t">Carlsbad argus</subfield><subfield code="w">(DLC)sn 87091050</subfield></datafield><datafield ind1="0" ind2="0" tag="785"><subfield code="t">Daily current-argus</subfield><subfield code="w">(DLC)sn 93061665</subfield></datafield></record>